@online{webGl1Spec,
  author = {Dean Jackson and Jeff Gilbert},
  title  = {WebGL Specification},
  url    = {https://www.khronos.org/registry/webgl/specs/latest/1.0/},
  year   = {2021},
  note   = {[Stand: 26.03.2021]}
}

@online{webGPUCharter,
  author = {{GPU for the Web Community Group}},
  title  = {GPU for the Web Community Group Charter},
  url    = {https://gpuweb.github.io/admin/cg-charter.html},
  year   = {2021},
  note   = {[Stand: 26.03.2021]}
}

@online{openGlSpec,
  author = {Mark Segal and Kurt Akeley and Chris Frazier and Jon Leech and Pat Brown},
  title  = {The OpenGL\textregistered Graphics System: A Specification},
  url    = {https://www.khronos.org/registry/OpenGL/specs/gl/glspec30.pdf},
  year   = {2008},
  note   = {[Stand: 26.03.2021]}
}

@online{objSpec,
  author = {{unknown}},
  title  = {Object Files},
  url    = {http://www.martinreddy.net/gfx/3d/OBJ.spec},
  year   = {2007},
  note   = {[Stand: 26.03.2021]}
}

@online{gltf1Spec,
  author = {Patrick Cozzi and Tony Parisi},
  title  = {glTF 1.0 Specification},
  url    = {https://github.com/KhronosGroup/glTF/tree/master/specification/1.0},
  year   = {2016},
  note   = {[Stand: 26.03.2021]}
}

@online{browserUsage,
  author = {StatCounter},
  title  = {Browser Market Share Worldwide | StatCounter Global Stats},
  url    = {https://gs.statcounter.com/browser-market-share#monthly-202003-202103},
  year   = {2021},
  note   = {[Stand: 14.04.2021]}
}

