@online{webGl1Spec,
  author = {Dean Jackson and Jeff Gilbert},
  title  = {WebGL Specification},
  url    = {https://www.khronos.org/registry/webgl/specs/latest/1.0/},
  year   = {2021},
  note   = {[Stand: 26.03.2021]}
}

@online{webGPUCharter,
  author = {{GPU for the Web Community Group}},
  title  = {GPU for the Web Community Group Charter},
  url    = {https://gpuweb.github.io/admin/cg-charter.html},
  year   = {2021},
  note   = {[Stand: 26.03.2021]}
}

@online{openGlSpec,
  author = {Mark Segal and Kurt Akeley and Chris Frazier and Jon Leech and Pat Brown},
  title  = {The OpenGL\textregistered Graphics System: A Specification},
  url    = {https://www.khronos.org/registry/OpenGL/specs/gl/glspec30.pdf},
  year   = {2008},
  note   = {[Stand: 26.03.2021]}
}

@online{objSpec,
  author = {{unknown}},
  title  = {Object Files},
  url    = {http://www.martinreddy.net/gfx/3d/OBJ.spec},
  year   = {2007},
  note   = {[Stand: 26.03.2021]}
}

@online{gltf1Spec,
  author = {Patrick Cozzi and Tony Parisi},
  title  = {glTF 1.0 Specification},
  url    = {https://github.com/KhronosGroup/glTF/tree/master/specification/1.0},
  year   = {2016},
  note   = {[Stand: 26.03.2021]}
}

@online{browserUsage,
  author = {StatCounter},
  title  = {Browser Market Share Worldwide | StatCounter Global Stats},
  url    = {https://gs.statcounter.com/browser-market-share#monthly-202003-202103},
  year   = {2021},
  note   = {[Stand: 14.04.2021]}
}

@online{performanceComparisonBabylonThreejs,
  author = {Oscar Nordquist and Axel Karlsson},
  title  = {BabylonJS and Three.js - Comparing performance when it comes to rendering Voronoi height maps in 3D},
  url    = {http://www.diva-portal.org/smash/get/diva2:1228221/FULLTEXT01.pdf},
  year   = {2017},
  note   = {[Stand: 17.04.2021]}
}

@online{tracerBenchNoiseMitigation,
  author = {Marc Lynch},
  title  = {TracerBench: Noise Mitigation Techniques},
  url    = {https://github.com/TracerBench/tracerbench/blob/master/NOISE_MITIGATION.md},
  year   = {2020},
  note   = {[Stand: 17.04.2021]}
}

@online{surfaceSimplificationUsingQuadricErrorMetrices,
  author = {Michael Garland and Paul S. Heckbert},
  title  = {Surface Simplification Using Quadric Error Metrics},
  url    = {https://www.cs.cmu.edu/~./garland/Papers/quadrics.pdf},
  year   = {1997},
  note   = {[Stand: 17.04.2021]}
}

@online{glTFExtensionLOD,
  author = {Saurabh Bhatia and Gary Hsu and Adam Gritt and John Copic and Marc Appelsmeier and Dag Frommhold},
  title  = {glTF Extension MSFT lod},
  url    = {https://github.com/KhronosGroup/glTF/tree/master/extensions/2.0/Vendor/MSFT_lod},
  year   = {2018},
  note   = {[Stand: 28.04.2021]}
}

@online{babylonProgressiveLoading,
  author = {{Babylon.js contributors}},
  title  = {Progressively Load .glTF Files in Babylon.js},
  url    = {https://doc.babylonjs.com/divingDeeper/importers/progressiveglTFLoad},
  year   = {2021},
  note   = {[Stand: 28.04.2021]}
}

@online{babylonAutoLod,
  author = {{Babylon.js contributors}},
  title  = {Simplifying Meshes With Auto-LOD},
  url    = {https://doc.babylonjs.com/divingDeeper/mesh/simplifyingMeshes},
  year   = {2021},
  note   = {[Stand: 04.05.2021]}
}

@online{unityAutoLod,
  author = {Amir Ebrahimi},
  title  = {Unity Labs: AutoLOD â€“ Experimenting with automatic performance improvements},
  url    = {https://blogs.unity3d.com/2018/01/12/unity-labs-autolod-experimenting-with-automatic-performance-improvements/},
  year   = {2018},
  note   = {[Stand: 03.05.2021]}
}

@online{unityMeshSimplification,
  author = {Mattias Edlund},
  title  = {Mesh simplification for Unity},
  url    = {https://github.com/Whinarn/UnityMeshSimplifier},
  year   = {2021},
  note   = {[Stand: 03.05.2021]}
}

@online{unrealProxyLod,
  author = {Sam Deiter},
  title  = {An In-Depth Look at Unreal Engine 4.20's Proxy LOD Tool},
  url    = {https://www.unrealengine.com/en-US/tech-blog/an-in-depth-look-at-unreal-engine-4-20-s-proxy-lod-tool},
  year   = {2018},
  note   = {[Stand: 03.05.2021]}
}

@online{peopleWithInternetAccess,
  author = {{World Bank}},
  title  = {Individuals using the Internet},
  url    = {https://data.worldbank.org/indicator/IT.NET.USER.ZS},
  year   = {2017},
  note   = {[Stand: 14.05.2021]}
}

@online{threeNpmPackage,
  author = {{npm Inc.}},
  title  = {npm package three},
  url    = {https://www.npmjs.com/package/three},
  year   = {2021},
  note   = {[Stand: 14.05.2021]}
}

@online{threeFiberGithub,
  author = {{react-three-fiber contributors}},
  title  = {react-three-fiber on Github},
  url    = {https://github.com/pmndrs/react-three-fiber},
  year   = {2021},
  note   = {[Stand: 14.05.2021]}
}

